<record xmlns='http://www.loc.gov/MARC21/slim'><leader>01299cai a2200337 a 4500</leader><controlfield tag='001'>6154492</controlfield><controlfield tag='005'>20181107165301.0</controlfield><controlfield tag='006'>m     o  d        </controlfield><controlfield tag='007'>cr mn ---unn|n</controlfield><controlfield tag='008'>121122d20102012xna u w o     0   a2eng  </controlfield><datafield ind1='1' ind2=' ' tag='019'><subfield code='a'>50179641</subfield></datafield><datafield ind1=' ' ind2=' ' tag='035'><subfield code='a'>6154492</subfield></datafield><datafield ind1=' ' ind2=' ' tag='040'><subfield code='a'>ANL</subfield><subfield code='b'>eng</subfield><subfield code='d'>ANL</subfield></datafield><datafield ind1=' ' ind2=' ' tag='042'><subfield code='a'>anuc</subfield></datafield><datafield ind1=' ' ind2=' ' tag='043'><subfield code='a'>u-at---</subfield></datafield><datafield ind1='0' ind2='4' tag='082'><subfield code='a'>363.50994</subfield><subfield code='2'>23</subfield></datafield><datafield ind1='0' ind2='0' tag='245'><subfield code='a'>Housing affordability</subfield><subfield code='h'>[electronic resource].</subfield></datafield><datafield ind1=' ' ind2=' ' tag='260'><subfield code='a'>Sydney :</subfield><subfield code='b'>COAG Reform Council,</subfield><subfield code='c'>[2010?]-2012</subfield></datafield><datafield ind1=' ' ind2=' ' tag='500'><subfield code='a'>Title from title screen (viewed on 22 Aug. 2012)</subfield></datafield><datafield ind1=' ' ind2=' ' tag='516'><subfield code='a'>Text.</subfield></datafield><datafield ind1=' ' ind2=' ' tag='520'><subfield code='a'>Reports assessing progress under the Council of Australian Governments Reform Council&apos;s National Affordable Housing Agreement.</subfield></datafield><datafield ind1=' ' ind2=' ' tag='538'><subfield code='a'>Mode of access: Available online. Address as at 25/08/14:</subfield><subfield code='u'>http://www.coagreformcouncil.gov.au/reports/housing.html</subfield></datafield><datafield ind1=' ' ind2=' ' tag='583'><subfield code='a'>Selected for archiving</subfield><subfield code='5'>ANL</subfield></datafield><datafield ind1=' ' ind2='0' tag='650'><subfield code='a'>Housing</subfield><subfield code='z'>Australia.</subfield></datafield><datafield ind1=' ' ind2=' ' tag='653'><subfield code='a'>Australian</subfield></datafield><datafield ind1='2' ind2=' ' tag='710'><subfield code='a'>Council of Australian Governments.</subfield><subfield code='b'>Reform Council.</subfield></datafield><datafield ind1='0' ind2=' ' tag='787'><subfield code='t'>National affordable housing agreement</subfield></datafield><datafield ind1='0' ind2=' ' tag='787'><subfield code='t'>Affordable housing 2010-11</subfield></datafield><datafield ind1=' ' ind2='0' tag='830'><subfield code='a'>PANDORA electronic collection.</subfield></datafield><datafield ind1='4' ind2='0' tag='856'><subfield code='z'>Publisher site</subfield><subfield code='u'>http://www.coagreformcouncil.gov.au/reports/housing.html</subfield></datafield><datafield ind1='4' ind2='1' tag='856'><subfield code='z'>Archived at ANL</subfield><subfield code='u'>http://nla.gov.au/nla.arc-135806</subfield></datafield></record>